<record><leader>00000cas a2200000 a 4500</leader><controlfield tag="001">277635671</controlfield><controlfield tag="006">m     o  d        </controlfield><controlfield tag="007">cr |||||||||||</controlfield><controlfield tag="008">081210d18831890wauwr nso     0    0eng c</controlfield><datafield ind1=" " ind2=" " tag="010"><subfield code="a">  2009252218</subfield></datafield><datafield ind1=" " ind2=" " tag="040"><subfield code="a">WRJ</subfield><subfield code="b">eng</subfield><subfield code="c">WRJ</subfield><subfield code="d">WRJ</subfield><subfield code="d">WAU</subfield><subfield code="d">OCLCQ</subfield><subfield code="d">OCLCF</subfield></datafield><datafield ind1="1" ind2=" " tag="029"><subfield code="a">NZ1</subfield><subfield code="b">13663704</subfield></datafield><datafield ind1="1" ind2=" " tag="029"><subfield code="a">AU@</subfield><subfield code="b">000044361954</subfield></datafield><datafield ind1=" " ind2=" " tag="042"><subfield code="a">pcc</subfield></datafield><datafield ind1=" " ind2=" " tag="043"><subfield code="a">n-us-wa</subfield></datafield><datafield ind1="0" ind2=" " tag="130"><subfield code="a">Spokane Falls review (Spokane Falls, Wash. : 1883)</subfield></datafield><datafield ind1="1" ind2="0" tag="245"><subfield code="a">Spokane Falls review</subfield><subfield code="h">[electronic resource].</subfield></datafield><datafield ind1="1" ind2="3" tag="246"><subfield code="a">Weekly review</subfield></datafield><datafield ind1=" " ind2=" " tag="260"><subfield code="a">Spokane Falls, W.T. [Wash.] :</subfield><subfield code="b">Frank M. Dallam,</subfield><subfield code="c">1883-1890.</subfield></datafield><datafield ind1=" " ind2=" " tag="310"><subfield code="a">Weekly</subfield></datafield><datafield ind1="1" ind2=" " tag="362"><subfield code="a">Began with vol. 1, no. 1 (May 19, 1883); print ceased with Feb. 27, 1890.</subfield></datafield><datafield ind1=" " ind2=" " tag="530"><subfield code="a">Also issued on microfilm from Bell &amp; Howell, Micro Photo Div.</subfield></datafield><datafield ind1=" " ind2=" " tag="580"><subfield code="a">Daily editions: Spokane Falls Evening Review, 1884; Spokane Evening Review, 1884-1885; Morning Review, 1885-1889; Spokane Falls Review (Spokane Falls, Wash. : 1889), 1889-1891.</subfield></datafield><datafield ind1=" " ind2=" " tag="588"><subfield code="a">Description based on: Vol. 1, no. 1 (May 19, 1883); title from masthead.</subfield></datafield><datafield ind1=" " ind2=" " tag="588"><subfield code="a">Latest issue consulted: Vol. 3, no. 44 (Mar. 6, 1886).</subfield></datafield><datafield ind1=" " ind2="0" tag="651"><subfield code="a">Spokane (Wash.)</subfield><subfield code="v">Newspapers.</subfield></datafield><datafield ind1=" " ind2="7" tag="655"><subfield code="a">Newspapers.</subfield><subfield code="2">fast</subfield><subfield code="0">(OCoLC)fst01423814</subfield></datafield><datafield ind1=" " ind2="7" tag="651"><subfield code="a">Washington (State)</subfield><subfield code="z">Spokane.</subfield><subfield code="2">fast</subfield><subfield code="0">(OCoLC)fst01206731</subfield></datafield><datafield ind1=" " ind2=" " tag="752"><subfield code="a">United States</subfield><subfield code="b">Washington</subfield><subfield code="c">Spokane</subfield><subfield code="d">Spokane.</subfield></datafield><datafield ind1=" " ind2=" " tag="752"><subfield code="a">United States</subfield><subfield code="b">Washington</subfield><subfield code="c">Spokane</subfield><subfield code="d">Spokane Falls.</subfield></datafield><datafield ind1="1" ind2=" " tag="775"><subfield code="t">Spokane Falls evening review</subfield></datafield><datafield ind1="1" ind2=" " tag="775"><subfield code="t">Spokane evening review</subfield></datafield><datafield ind1="1" ind2=" " tag="775"><subfield code="t">Morning review (Spokane Falls, Wash.)</subfield></datafield><datafield ind1="1" ind2=" " tag="775"><subfield code="t">Spokane Falls review (Spokane Falls, Wash. : 1889)</subfield></datafield><datafield ind1="0" ind2="8" tag="776"><subfield code="i">Print version:</subfield><subfield code="t">Spokane Falls review (Spokane Falls, Wash. : 1883)</subfield><subfield code="w">(DLC)sn 86072021</subfield><subfield code="w">(OCoLC)14374848</subfield></datafield><datafield ind1="0" ind2="0" tag="785"><subfield code="t">Spokane Falls weekly review</subfield></datafield><datafield ind1="4" ind2="0" tag="856"><subfield code="u">http://www.sos.wa.gov/history/newspapers_detail.aspx?t=6</subfield></datafield></record>